<?xml version="1.0" encoding="UTF-8"?><collection xmlns="http://www.loc.gov/MARC21/slim"><record><leader>00419nam--2200133-i-4500</leader><controlfield tag="001">000020097</controlfield><controlfield tag="002">20161230</controlfield><controlfield tag="005">20161230201033</controlfield><controlfield tag="008">060222s1000------------r-----000-0-eng-d</controlfield><datafield ind1=" " ind2=" " tag="080"><subfield code="a">543.53(043)</subfield></datafield><datafield ind1=" " ind2=" " tag="100"><subfield code="a">Faanhof, Arnaud</subfield></datafield><datafield ind1=" " ind2=" " tag="245"><subfield code="a">Aspects of instrumental radioanalysis and subsequent sample destruction.application to dry biological material</subfield></datafield><datafield ind1=" " ind2=" " tag="260"><subfield code="a">Amsterdam, Universitat, 1980.   Viii + 189 P</subfield></datafield><datafield ind1=" " ind2=" " tag="852"><subfield code="a">71156</subfield></datafield></record></collection>